<?xml version='1.0' encoding='UTF-8'?>
<record xmlns="http://www.loc.gov/MARC21/slim">
  <leader>01477cam a2200241Ma 4500</leader>
  <controlfield tag="001">2763399</controlfield>
  <controlfield tag="003">NjP</controlfield>
  <controlfield tag="005">20171010174334.0</controlfield>
  <controlfield tag="008">821116q19041907ua            000 0 arard</controlfield>
  <datafield tag="024" ind1="7" ind2=" ">
    <subfield code="a">princeton_aco002233</subfield>
    <subfield code="2">local</subfield>
  </datafield>
  <datafield ind1=" " ind2=" " tag="035">
    <subfield code="a">(OCoLC)ocm23522900</subfield>
  </datafield>
  <datafield ind1=" " ind2=" " tag="035">
    <subfield code="9">CNF8490TS</subfield>
  </datafield>
  <datafield ind1=" " ind2=" " tag="040">
    <subfield code="a">EYM</subfield>
    <subfield code="c">EYM</subfield>
    <subfield code="d">PUL</subfield>
  </datafield>
  <datafield ind1=" " ind2="4" tag="050">
    <subfield code="a">BP152</subfield>
    <subfield code="b">.K39</subfield>
  </datafield>
  <datafield ind1="1" ind2=" " tag="100">
    <subfield code="a">Kawākibī, Muḥammad ibn Ḥasan,</subfield>
    <subfield code="d">1609-1685.</subfield>
    <subfield code="0">http://id.loc.gov/authorities/names/n82143767</subfield>
  </datafield>
  <datafield ind1="1" ind2="3" tag="245">
    <subfield code="a">al-Fawā'id al-samīyah fī sharḥ al-nuẓum al-musammá bi-al-Farā'id al-sunnīyah fī furūʻ al-fiqh ʻalá madhhab al-Imām Abī Ḥanīfah al-Nuʻmān /</subfield>
    <subfield code="c">li-Muḥammad ibn Ḥasan ibn Aḥmad al-Kawākibī ; wa-yalihi sharḥ manẓumat al-Farā'id al-musamāh bi-al-Lawāmiʻ al-ḍiyā'īyah li-ʻAbd Allāh ibn ʻAbd al-Raḥmān al-Ḥanbalī ; wa-bi-hāmishihi Irshād al-Ṭālib ilá manẓumat al-Kawākib fī ʻilm al-uṣūl lil-Kawākibi.</subfield>
  </datafield>
  <datafield ind1=" " ind2=" " tag="250">
    <subfield code="a">al-Ṭabʻah 1.</subfield>
  </datafield>
  <datafield ind1=" " ind2=" " tag="260">
    <subfield code="a">Bulāq :</subfield>
    <subfield code="b">al-Maṭbaʻah al-Kubrá al-Amīrīyah,</subfield>
    <subfield code="c">1322-24[1904 or 05-1906 or 7]</subfield>
  </datafield>
  <datafield ind1=" " ind2=" " tag="300">
    <subfield code="a">2 v. in 1 ;</subfield>
    <subfield code="c">28 cm.</subfield>
  </datafield>
  <datafield ind1=" " ind2="0" tag="650">
    <subfield code="a">Islamic law</subfield>
    <subfield code="0">http://id.loc.gov/authorities/subjects/sh85068454</subfield>
  </datafield>
  <datafield ind1=" " ind2="0" tag="650">
    <subfield code="a">Hanafites.</subfield>
    <subfield code="0">http://id.loc.gov/authorities/subjects/sh85058609</subfield>
  </datafield>
  <datafield ind1="1" ind2=" " tag="700">
    <subfield code="a">Kawākibī, Muḥammad ibn Ḥasan,</subfield>
    <subfield code="d">1609-1685.</subfield>
    <subfield code="t">Irshād al-ṭālib.</subfield>
    <subfield code="0">http://id.loc.gov/authorities/names/n82143767</subfield>
  </datafield>
  <datafield ind1=" " ind2=" " tag="945">
    <subfield code="a">F</subfield>
    <subfield code="b">1</subfield>
    <subfield code="c">2271.5083.403.334</subfield>
  </datafield>
  <datafield ind1=" " ind2=" " tag="911">
    <subfield code="a">20000130</subfield>
  </datafield>
  <datafield ind1="0" ind2="0" tag="852">
    <subfield code="0">3074182</subfield>
    <subfield code="b">nec</subfield>
    <subfield code="t">1</subfield>
    <subfield code="h">KBP295</subfield>
    <subfield code="i">.K393 1904</subfield>
  </datafield>
  <datafield ind1=" " ind2=" " tag="959">
    <subfield code="a">2009-06-30 14:29:08 -0400</subfield>
  </datafield>
</record>
